@article{DBLP:journals/corr/abs-1712-00233,
  author    = {Rafael Ballester{-}Ripoll and
               Enrique G. Paredes and
               Renato Pajarola},
  title     = {Sobol Tensor Trains for Global Sensitivity Analysis},
  journal   = {CoRR},
  volume    = {abs/1712.00233},
  year      = {2017},
  url       = {http://arxiv.org/abs/1712.00233},
  archivePrefix = {arXiv},
  eprint    = {1712.00233},
  timestamp = {Mon, 13 Aug 2018 16:49:10 +0200},
  biburl = {https://dblp.org/rec/journals/corr/abs-1712-00233.bib},
  bibsource = {dblp computer science bibliography,
               https://dblp.org}
}
@INPROCEEDINGS{7328205, 
  author={C. {Nugteren} and V. {Codreanu}},
  booktitle={2015 IEEE 9th International Symposium on Embedded
             Multicore/Many-core Systems-on-Chip}, 
  title={CLTune: A Generic Auto-Tuner for OpenCL Kernels}, 
  year={2015}, 
  pages={195-202},
}
