@misc{2011hogwild,
  title={HOGWILD!: A Lock-Free Approach to Parallelizing Stochastic Gradient
         Descent},
  author={Feng Niu and Benjamin Recht and Christopher Re and Stephen J.
          Wright},
  year={2011},
  eprint={1106.5730},
  archivePrefix={arXiv},
  primaryClass={math.OC}
}
@misc{ruder2016overview,
  title={An overview of gradient descent optimization algorithms},
  author={Sebastian Ruder},
  year={2016},
  eprint={1609.04747},
  archivePrefix={arXiv},
  primaryClass={cs.LG}
}
