@INPROCEEDINGS{Bertin-Mahieux2011,
  author = {Thierry Bertin-Mahieux and Daniel P.W. Ellis and Brian Whitman and Paul Lamere},
  title = {The Million Song Dataset},
  booktitle = {{Proceedings of the 12th International Conference on Music Information Retrieval ({ISMIR} 2011)}},
  year = {2011},
  owner = {thierry},
  timestamp = {2010.03.07}
}
