@article{2009CCAMR,
  Author = {P. Cortez and A. Cerdeira and F. Almeida and T. Matos and J.
            Reis},
  Journal = {Decision Support Systems},
  publisher = {Elsevier},
  Number = {4},
  Pages = {547-553},
  Title = {{Modeling wine preferences by data mining from
           physicochemical properties}},
  Volume = {47},
  Year = {2009}
}
@book{2004JP,
  doi = {10.1007/978-3-642-55682-1},
  url = {https://doi.org/10.1007/978-3-642-55682-1},
  year = {2004},
  publisher = {Springer Berlin Heidelberg},
  author = {Jean Jacod and Philip Protter},
  title = {Probability Essentials}
}
@misc{2011NRRW,
  title={HOGWILD!: A Lock-Free Approach to Parallelizing Stochastic Gradient
         Descent},
  author={Feng Niu and Benjamin Recht and Christopher Re and Stephen J.
          Wright},
  year={2011},
  eprint={1106.5730},
  archivePrefix={arXiv},
  primaryClass={math.OC}
}
@misc{2014Recht, 
  title={\hogwild\ for Machine Learning on Multicore},
  howpublished={\url{https://youtu.be/l5JqUvTdZts}},
  journal={Computer Science & Engineering Colloquium},
  author={Recht, Benjamin},
  year={2014},
  month={June}
}
@misc{2015SZOR,
  title={Taming the Wild: A Unified Analysis of Hogwild!-Style Algorithms},
  author={Christopher De Sa and Ce Zhang and Kunle Olukotun and
          Christopher Ré},
  year={2015},
  eprint={1506.06438},
  archivePrefix={arXiv},
  primaryClass={cs.LG}
}
@misc{2016PLTPZJRRR,
  title={CYCLADES: Conflict-free Asynchronous Machine Learning},
  author={Xinghao Pan and Maximilian Lam and Stephen Tu and Dimitris
          Papailiopoulos and Ce Zhang and Michael I. Jordan and Kannan
          Ramchandran and Chris Re and Benjamin Recht},
  year={2016},
  eprint={1605.09721},
  archivePrefix={arXiv},
  primaryClass={stat.ML}
}
@misc{2016BCN,
  title={Optimization Methods for Large-Scale Machine Learning},
  author={Léon Bottou and Frank E. Curtis and Jorge Nocedal},
  year={2016},
  url={https://arxiv.org/abs/1606.04838},
  eprint={1606.04838},
  archivePrefix={arXiv},
  primaryClass={stat.ML}
}
@misc{2016ruder,
  title={An overview of gradient descent optimization algorithms},
  author={Sebastian Ruder},
  year={2016},
  eprint={1609.04747},
  archivePrefix={arXiv},
  primaryClass={cs.LG}
}
@INPROCEEDINGS{2016sallinen,  
  author={S. {Sallinen} and N. {Satish} and M.  {Smelyanskiy} and S. S. {Sury}
          and C. {Ré}},  
  booktitle={2016 IEEE International Parallel and Distributed Processing
             Symposium (IPDPS)},
  title={High Performance Parallel Stochastic Gradient Descent in Shared
         Memory},   
  year={2016},  
  volume={},  
  number={},  
  pages={873-882}
}
@misc{2018NNDRST,
  title={SGD and Hogwild! Convergence Without the Bounded Gradients
         Assumption},
  author={Lam M. Nguyen and Phuong Ha Nguyen and Marten van Dijk and Peter
          Richtárik and Katya Scheinberg and Martin Takáč},
  year={2018},
  eprint={1802.03801},
  archivePrefix={arXiv},
  primaryClass={math.OC}
}
@misc{2019Schmidt,
  author = {Mark Schmidt},
  title = {CPSC 540 Machine Learning Lecture Notes},
  month = {Winter},
  year = {2019},
  publisher = {University of British Columbia}
}
